
@book{ vetulani1,
	author="Zygmunt Vetulani and Bogdan Walczak and Tomasz Obr{\,e}bski and Gra{\.z}yna Vetulani",
	title="Unambiguous coding of the inflection of Polish Nouns and its application in electronic dictionaries -- format {POLEX}",
	series="J{\k{e}}zykoznawstwo Komputerowe",
	number="3",
	publisher="Adam Mickiewicz University Press",
	year="1998"
	
}

@inproceedings{ stefanowski_weiss_awic2003,
    author    = "Jerzy Stefanowski and Dawid Weiss",
    title     = "{Carrot$^2$} and Language Properties in Web Search Results Clustering",
    booktitle = "Proceedings of {AWIC-2003}, First International Atlantic Web Intelligence Conference",
    series    = "{Lecture Notes in Computer Science}",
    publisher = "Springer",
    address   = "Madrid, Spain",
    pages     = "240--249",
    year      = {2003}
}

@misc{
    lametyzator-www,
    author    = "Dawid Weiss",
    title     = "Lametyzator",
    howpublished = "[on-line] \smallurl{http://www.cs.put.poznan.pl/dweiss/xml/projects/lametyzator/index.xml}",
    year      = "2003"
}

@techreport{ hajnicz01,
    author = "El{\.{z}}bieta Hajnicz and Anna Kup{\'{s}}{\'{c}}",
    title = "Przegl{\k{a}}d analizatorow morfologicznych dla j{\k{e}}zyka polskiego",
    number= "937",
    institution = "IPI PAN",
    year = "2001"
}


@inproceedings{ weiss-iipwm2003,
    author = "Dawid Weiss and Jerzy Stefanowski",
    title  = "Web Search Results Clustering in {Polish}: Experimental Evaluation of {Carrot}",
    booktitle = "Proceedings of the International IIS: Intelligent Information Processing and Web Mining Conference",
    series    = "{Advances in Soft Computing}",
    address = "Zakopane, Poland",
    pages     = "209--218",
    year      = {2003}
}

@inproceedings{ leo-galambos,
    author = "Leo Galambos",
    title  = "Semi-automatic Stemmer Evaluation",
    booktitle = "Proceedings of the International IIS: Intelligent Information Processing and Web Mining Conference",
    series    = "{Advances in Soft Computing}",
    address = "Zakopane, Poland",
    pages     = "209-218",
    year      = {2004},
}

@misc{ stempel,
    author="Andrzej Bia{\l{}}ecki",
    title="\emph{Stempel} -- {Algorithmic Stemmer for the Polish Language}",
    howpublished="[on-line] \smallurl{http://getopt.org/stempel/}",
    year="2004"
}

@mastersthesis{ reg,
    author="Justyna W{\k{a}}chnicka",
    title="Odkrywanie regu{\l{}} lematyzacji dla j{\k{e}}zyka polskiego w oparciu o s{\l{}}ownik \emph{ispell-pl}",
    school="Pozna{{\'n}} University of Technology",
    year="2004"
}

@mastersthesis{ waspell,
    author="Zbigniew P{\l{}}otnicki",
    title="S{\l{}}ownik morfologiczny j{\k{e}}zyka polskiego na licencji LGPL",
    school="Pozna{{\'n}} University of Technology",
    year="2003"
}

@misc{
	ispell-pl,
	author="Ispell-pl",
	title="Polish dictionary for ispell",
	howpublished="[on-line]~\smallurl{http://sourceforge.net/projects/ispell-pl}",
	year="2002"
}

@misc{
    ipi-korpus,
    author="Adam Przepi{\'o}rkowski",
    title="The IPI PAN Corpus: Preliminary version",
    howpublished="[on-line] \smallurl{http://www.korpus.pl}",
    year="2004"
}

@techreport{ szafran96,
    author = "Krzasztof Szafran",
    title = "Analizator morfologiczny {SAM-95}",
    number= "TR 96 226",
    institution = "Faculty of Mathematics, Informatics and Mechanics. Warsaw University",
    year = "1996"
}

@phdthesis{
    daciuk,
    author="Jan Daciuk",
    title="Incremental Construction of Finite-State Automata and Transducers, and their Use in the Natural Language Processing",
    school="Technical University of Gda{\'n}sk, Poland",
    year="1998"
}

@inproceedings{
    lers,
    author="Jerzy W. Grzyma{\l{}}a-Busse",
    editor="Roman S{\l{}}owinski",
    title="{LERS -- A System for Learning from Examples Based on Rough Sets}",
    booktitle="Intelligent Decision Support Handbook of Applications and Advances of the Rough Sets Theory",
    publisher="Kluwer Academic Publishers",
    pages="3--18",
    year="1992"
}

@techreport{ stempelator2005,
    author="Dawid Weiss",
    title="{Stempelator: A Hybrid Stemmer for the Polish Language}",
    institution="Institute of Computing Science, Pozna{\'n} University of Technology, Poland",
    type="Technical Report",
    number="RA-002/05",
    year="2005"
}

