@article{ znPSl96,
	author="Maciej Drozdowski",
	title="Szeregowanie zada{\'n} jednorodnych w rozproszonych systemach komputerowych",
	journal="Zeszyty Naukowe Politechniki {\'S}l{\,a}skiej",
	series=" Informatyka z.30",
	year="1996"
	
}

@article{ bop,
	author="Jacek B{\l}a{\.z}ewicz and Wojciech Cellary and Roman S{\l}owi{\'n}ski and Jan W\k{e}glarz",
	title="Badania operacyjne dla informatyk{\'o}w",
	journal="Wydawnictwo Politechniki Pozna{\'n}skiej",
	year="1982"
	
}

@article{ div_ga1,
	author="Maciej Drozdowski and Marcin Lawenda",
	title="Algorytm genetyczny dla wieloetapowego przetwarzania zada{\'n} jednorodnych",
	journal="Pro Dialog",
	volume="19",
	year="2005",
	
}

@article{ robertazzi,
	author="Thomas G. Robertazzi",
	title="Ten Reasons to Use Divisible Load Theory ",
	journal="IEEE Computer",
	volume="36",
	number="5",
	year="2003"
	
}

@article{ veeravalli,
	author="Bharadwaj Veeravalli and Debasish Ghose and Venkataraman Mani and Thomas G. Robertazzi",
	title="Scheduling {D}ivisible {L}oads in {P}arallel and {D}istributed {S}ystems",
	journal="IEEE Computer Society Press",
	year="1996"
}

@mastersthesis{ daniel,
    author="Przemys{\l}aw Daniel",
    title="Algorytm dok≈Çadny szeregowania zada{\'n} jednorodnych w heterogenicznym systemie komputerowym",
    school="Pozna{{\'n}} University of Technology",
    year="2002"
    
}

@mastersthesis{ zietkiewicz,
    author="Joanna Zi\k{e}tkiewicz",
    title="Algorytm dok{\l}adny dla wieloetapowego problemu szeregowania zada{\'n} jednorodnych",
    school="Pozna{{\'n}} University of Technology",
    year="2003"
}

@mastersthesis{ rogala,
    author="Pawe{\l} Rogala",
    title="Algorytm genetyczny dla problemu dystrybucji oblicze{\'n} w rozproszonym systemie komputerowym",
    school="Pozna{{\'n}} University of Technology",
    year="2004"
    
}

@misc{ xml,
    key = "XML",
    title="{E}xtensible {M}arkup {L}anguage",
    howpublished="[on-line] \url{http://www.w3.org/XML/}; rok 2006"
}

@misc{ qt,
    key = "Qt",
    title="{\'S}rodowisko {Q}t",
    howpublished="[on-line] \url{http://www.trolltech.com/products/qt/}; rok 2006"
}

@misc{ trolltech,
    key = "Trolltech",
    title="Firma {T}rolltech -- strona g{\l}{\'o}wna",
    howpublished="[on-line] \url{http://www.trolltech.com/}; rok 2006"
}

@misc{ mingw,
    key = "MinGW",
    title="{M}in{G}{W} -- strona g{\l}{\'o}wna",
    howpublished="[on-line] \url{http://www.mingw.org/}; rok 2006"
}
