@String{pub-AW          = "Ad{\-d}i{\-s}on-Wes{\-l}ey"}
@String{pub-AW:adr      = "Reading, MA, USA"}

@misc{AA:Princ95,
        author = "Amos Ar",
        title = "{Principles of optimal artificial incubation for wild and recently domesticated bird species}",
        howpublished = "The 3rd conference of the European Committee of the Association of Avian Veterinarians",
        address = "Jerusalem",
        year = "1995",
}

@Book{Avian,
 	author = "S.G.~Tullett",
  	title = "{Avian Incubation}",
  	publisher = "Poultry Science Syposium",
  	address = "22.~Butterworth, London",
  	year = "1991",
}

@Book{Brzozka02,
	author =       "J.~Brz{\'o}zka",
	title =        "{Regulatory cyfrowe w automatyce}",
	publisher =    "MIKOM",
	address =      "Warszawa",
	year =         "2002",
}

@Book{Brzozka04,
	author =       "J.~Brz{\'o}zka",
	title =        "{Regulatory i uk{\l}ady automatyki}",
	publisher =    "MIKOM",
	address =      "Warszawa",
	year =         "2004",
}

@Book{Bubnicki,
	author =       "Z.~Bubnicki",
	title =        "{Teoria i algorytmy sterowania}",
	publisher =    "{Wydawnictwo Naukowe PWN}",
	address =      "Warszawa",
	year =         "2002",
}

@Book{Piegat,
	author =       "A.~Piegat",
	title =        "{Modelowanie i sterowanie rozmyte}",
	publisher =    "{Akademicka Oficyna Wydawnicza EXIT}",
	address =      "Warszawa",
	year =         "1999",
}

@Book{Tatjewski,
	author =       "P.~Tatjewski",
	title =        "{Sterowanie zaawansowane obiekt{\'o}w przemys{\l}owych: Struktury i algorytmy}",
	publisher =    "{Akademiska Oficyna Wydawnicza EXIT}",
	address =      "Warszawa",
	year =         "2002",
}

@misc{TurboGears, 
	author = "Kevin Dangoor",
	title = "{Turbo Gears -- the rapid development megaframework you've been looking for}",
	year = "2006",
	howpublished = "\url{http://docs.turbogears.org/1.0}"
}


@misc{FuzzyLogic, 
	author = "Steven D.~Kaehler",
	title = "{Fuzzy Logic Tutorial -- An Introduction}",
	year = "1998",
	howpublished = "\url{http://www.seattlerobotics.org/encoder/mar98/fuz/flindex.html}"
}

@misc{SQLObject,
	title = "SQLObject",
	howpublished = "\url{http://www.sqlobject.org/SQLObject.html}",
	year = "2006",
}
@misc{PlotKit,
	key = "PlotKit",
	title = "PlotKit",
	howpublished = "\url{http://media.liquidx.net/js/plotkit-doc/PlotKit.html}",
	year = "2006",
}

@misc{setuptools,
	title = "setuptools",
	author = "Phillip J.~Eby",
	howpublished = "\url{http://peak.telecommunity.com/DevCenter/setuptools}",
	year = "2006",
}

@misc{KID,
	title = "{Kid Language Specification}",
	howpublished = "\url{http://www.kid-templating.org/language.html}",
	author = "Ryan Tomayko",
	year = "2005",
}


@misc{MSDN,
	key = "Microsoft .NET",
	title = "{Microsoft .NET framework documentation}",
	howpublished = "\url{http://msdn2.microsoft.com}",
	year = "2005",
}

@misc{google,
	key = "Google",
	title = "{Google}",
	howpublished = "\url{http://www.google.com}",
}

@misc{Brinsea,
	key = "Brinsea",
	title = "{Brinsea Incubators, brooders and accessories}",
	howpublished = "\url{http://www.brinsea.com}",
	year = "2006",
}

@misc{Metzer,
	key = "MetzerFarms",
	title = "{Incubating and hatching ducks and geese}",
	howpublished = "\url{http://www.metzerfarms.com}",
	year = "2006",
}


