@String{pub-AW          = "Ad{\-d}i{\-s}on-Wes{\-l}ey"}
@String{pub-AW:adr      = "Reading, MA, USA"}

@Book{Knuth:ct-a,
  author =       "Donald E. Knuth",
  title =        "The {\TeX}book",
  publisher =    pub-AW,
  address =      pub-AW:adr,
  year =         "1986",
  series =       "Computers and Typesetting",
  ISBN =         "0-201-13447-0",
  LCCN =         "Z253.4.T47 K58 1986",
  pages =        "ix + 483",
  bibdate =      "Wed Dec 15 10:36:52 1993",
}

@Book{Lamport:LDP85,
  author =       "Leslie Lamport",
  title =        "{\LaTeX} --- A Document Preparation System ---
                 User's Guide and Reference Manual",
  publisher =    pub-AW,
  address =      pub-AW:adr,
  year =         "1985",
  ISBN =         "0-201-15790-X",
  LCCN =         "Z253.4.L38 L35 1986",
  pages =        "xiv + 242",
  bibdate =      "Wed Dec 15 10:38:04 1993",
}

@misc{DBMS,
    title     = "{DBMS}",
    howpublished = "[on-line] \url{http://en.wikipedia.org/wiki/DBMS}",
    year =         "2006"
}

@misc{OLTP,
    title     = "{OLTP}",
    howpublished = "[on-line] \url{http://en.wikipedia.org/wiki/OLTP}",
    year =         "2006"
}

@misc{OLAP,
    title     = "{OLAP}",
    howpublished = "[on-line] \url{http://en.wikipedia.org/wiki/OLAP}",
    year =         "2006"
}

@misc{SQL,
    title     = "{SQL}",
    howpublished = "[on-line] \url{http://pl.wikipedia.org/wiki/SQL}",
    year =         "2006"
}

@misc{GUI,
    title     = "{GUI}",
    howpublished = "[on-line] \url{http://pl.wikipedia.org/wiki/GUI}",
    year =         "2006"
}

@misc{TPC1,
    title     = "{TPC}",
    howpublished = "[on-line] \url{http://www.tpc.org}",
    year =         "2006"
}

@misc{TPC2,
    title     = "{TPC-C}",
    howpublished = "[on-line] \url{http://www.tpc.org/tpcc/spec/tpcc_current.pdf}",
    year =         "2006"
}

@misc{EMF1,
    title     = "{Eclipse Modeling Framework (EMF)}",
    howpublished = "[on-line] \url{http://www.eclipse.org/gef/}",
    year =         "2006"
}

@misc{GEF1,
    title     = "{Graphical Editing Framework (GEF)}",
    howpublished = "[on-line] \url{http://www.eclipse.org/emf/}",
    year =         "2006"
}


@misc{GMF1,
    title     = "{Eclipse Graphical Modeling Framework (GMF)}",
    howpublished = "[on-line] \url{http://www.eclipse.org/gmf}",
    year =         "2006"
}

@misc{RCP1,
    title     = "{Eclipse Rich Client Platform (RCP)}",
    howpublished = "[on-line] \url{http://wiki.eclipse.org/index.php/Rich_Client_Platform}",
    year =         "2006"
}

@misc{SWT1,
    title     = "{Standard Widget Toolkit (SWT)}",
    howpublished = "[on-line] \url{http://www.eclipse.org/swt/}",
    year =         "2006"
}

@misc{JGoodies1,
    title     = "{JGoodies}",
    howpublished = "[on-line] \url{http://www.jgoodies.com/}",
    year =         "2006"
}

@misc{Swing1,
    title     = "{Swing}",
    howpublished = "[on-line] \url{http://en.wikipedia.org/wiki/Swing_(Java)}",
    year =         "2006"
}

@misc{SpringRCP1,
    title     = "{Spring RCP}",
    howpublished = "[on-line] \url{http://www.springframework.org/spring-rcp}",
    year =         "2006"
}

@misc{SpringRCP2,
    title     = "{Spring RCP}",
    howpublished = "[on-line] \url{http://spring-rich-c.sourceforge.net/}",
    year =         "2006"
}

@misc{Log4J1,
    title     = "{Log4J}",
    howpublished = "[on-line] \url{http://logging.apache.org/log4j/docs/}",
    year =         "2006"
}

@misc{JUnit1,
    title     = "{JUnit}",
    howpublished = "[on-line] \url{http://www.junit.org/index.htm}",
    year =         "2006"
}

@misc{XmlSchema1,
    title     = "{XmlSchema}",
    howpublished = "[on-line] \url{http://www.w3.org/XML/Schema}",
    year =         "2006"
}

@misc{Ant1,
    title     = "{Ant}",
    howpublished = "[on-line] \url{http://ant.apache.org}",
    year =         "2006"
}

@misc{JDBC1,
    title     = "{JDBC}",
    howpublished = "[on-line] \url{http://java.sun.com/products/jdbc/}",
    year =         "2006"
}

@misc{RMI1,
    title     = "{Java RMI}",
    howpublished = "[on-line] \url{http://java.sun.com/products/jdk/rmi/}",
    year =         "2006"
}

@misc{Spring1,
    title     = "{Spring Framework}",
    howpublished = "[on-line] \url{http://www.springframework.org/}",
    year =         "2006"
}

@misc{Hibernate1,
    title     = "{Hibernate}",
    howpublished = "[on-line] \url{http://www.hibernate.org}",
    year =         "2006"
}

@misc{HibernateAnn1,
    title     = "{Hibernate Annotations}",
    howpublished = "[on-line] \url{http://www.hibernate.org/247.html}",
    year =         "2006"
}

@misc{MySql1,
    title     = "{MySql}",
    howpublished = "[on-line] \url{http://www.mysql.com/}",
    year =         "2006"
}

@misc{PostgreSql1,
    title     = "{PostgreSql}",
    howpublished = "[on-line] \url{http://www.postgresql.org/}",
    year =         "2006"
}

@misc{Oracle1,
    title     = "{Oracle}",
    howpublished = "[on-line] \url{http://www.oracle.com/database/index.html}",
    year =         "2006"
}

@misc{JFreeChart1,
    title     = "{JFreeChart}",
    howpublished = "[on-line] \url{http://www.jfree.org/jfreechart/}",
    year =         "2006"
}

@misc{.NetXmlSerializer1,
    title     = "{.Net XmlSerializer}",
    howpublished = "[on-line] \url{http://www.topxml.com/xmlserializer/}",
    year =         "2006"
}

@misc{.Net1,
    title     = "{.Net}",
    howpublished = "[on-line] \url{http://www.microsoft.com/net/default.mspx}",
    year =         "2006"
}

@misc{JVM1,
    title     = "{Java Virtual Machine}",
    howpublished = "[on-line] \url{http://en.wikipedia.org/wiki/Java_virtual_machine}",
    year =         "2006"
}

@misc{UML1,
    title     = "{UML}",
    howpublished = "[on-line] \url{http://www.uml.org}",
    year =         "2006"
}

@misc{UML2,
    title     = "{UML}",
    howpublished = "[on-line] \url{http://pl.wikipedia.org/wiki/UML}",
    year =         "2006"
}


